
@book {hirsch,
    AUTHOR = {Hirsch, Morris W.},
    TITLE = {Differential topology},
    SERIES = {Graduate Texts in Mathematics},
    VOLUME = {33},
    NOTE = {Corrected reprint of the 1976 original},
    PUBLISHER = {Springer-Verlag, New York},
    YEAR = {1994},
    PAGES = {x+222},
    ISBN = {0-387-90148-5},
    MRCLASS = {57-01 (58-01)},
    MRNUMBER = {1336822},
}

